@book{sample,
	author = "Ireneusz Stanicki",
	title = "Jak debugować aplikacje w systemie zbudowanym za pomocą buildroota?"
}

@article{paper1,
	title = "Application Areas of Community Detection: A Review",
	year = 2018,
	author = {Arzum KarataşSerap and ŞahinSerap Şahin}
}

@article{paper2,
	title = "Near linear time algorithm to detect community structures in large-scale networks",
	year = 2007,
	author = {Usha Nandini Raghavan and Reka Albert and Soundar Kumara}
}

@article{paper3,
	title = "Finding overlapping communities in networks by label propagation",
	author = "Steve Gregory"
}

@article{paper4,
	title = "Balanced Multi-Label Propagation for Overlapping Community Detection in Social Networks",
	year = 2012,
	author = {Zhi-Hao Wu and You-Fang Lin and Steve Gregory and Huai-Yu Wan and Sheng-Feng Tian}
}

@article(paper5,
	title = "Parallel Graph Component Labelling with GPUs and CUDA",
	year = 2009,
	author = {K.A. Hawick and A. Leist and D.P. Playne}
}

@article{paper6,
	title = "Parallel Implementation of the Label Propagation Method for Community Detection on the GPU",
	year = 2017,
	author = {Marko Mišić and Dražen Drašković and Lovro Šubelj and Marko Bajec}
}

@article {paper7,
	title = "Role-based Label Propagation Algorithm for Community Detection",
	author = {Xuegang Hu and Wei He and Huizong Li and Jianhan Pan}
}

